%inat36470788,inat36285968,inat35845152,inat32572967,inat31326484,inat29333274,inat18166461,inat16734728,inat15747194,inat15067449,inat13466275

@online{ inatSearchForNew,
	title = { Search for new island records documented in iNaturalist between June 26 2022 and June 26 2023 by Aubrey Moore },
	author = { Moore, Aubrey },
	date = { 2022 },
	url = { https://www.inaturalist.org/observations?created_d1=2022-06-26&d2=2023-06-26&place_id=any&q=new&user_id=aubreymoore&verifiable=any },
}    

@online{ inatAleurocanthus_woglumi,
	title = { First island record for citrus blackfly, \textit{Aleurocanthus woglumi}, attacking citrus on Guam },
	author = { Moore, Aubrey },
	date = { 2023-05-22 },
	url = { https://www.inaturalist.org/observations/151875058 },
}

@online{ inatEncarsia_noyesi,
	title = { First island record for a parasitoid of a citrus blackfly parasitoid, \textit{Encarsia noyesi}, on Guam },
	author = { Moore, Aubrey },
	date = { 2023-05-10 },
	url = { https://www.inaturalist.org/observations/166497214 },
}

@online{ inatConotelus_mexicanus,
	title = { First island record for a nitidulid, \textit{Conotelus mexicanus}, attacking \textit{Serianthes nelsonii} on Guam },
	author = { Moore, Aubrey },
	date = { 2023-06-17  },
	url = { https://www.inaturalist.org/observations/167958655 },
}

