
@misc{marshall_recent_nodate,
  title = {Recent Challenges from Coconut Rhinoceros Beetle to Palm Production in the {{Pacific}} and Prospects for Microbial Control},
  author = {Marshall, Sean D G and Moore, Aubrey and Ero, Mark and Fanai, Crispus and Vaqalo, Maclean and Jackson, Trevor A. and Quitugua, Roland and Iriarte, Ian R and Kitalong, Christopher and Ramarui, Justin Omak and Ngiramengior, Jason and Skey, Balang and Masang, Nelson and Watanabe, Shizu and Melzer, Michael and Nakai, Madoka and Miles, Joel and Khudri, Nur Ain F R S and Kamarudin, Norman and Moslim, Ramle and Tsatsia, Francis and Tsatsia, Helen and Wratten, Hilda and Macfarlane, Bob and Timote, Visoni and Atu, Fereti},
  year = {IN PREPARATION},
  annotation = {in preparation}
}

@misc{moore_aubrey_crb_nodate,
  title = {{{CRB Trap Improvement}}},
  author = {Moore, Aubrey},
  year = {in preparation},
  annotation = {in preparation}
}

@article{moore_automated_nodate,
  title = {Automated Classification of Female {{Culex}} Pipiens ({{Diptera}}: {{Culicidae}}) and {{Cx}}. Quinquefasciatus from Optically Sensed Wingbeat Waveforms},
  author = {Moore, Aubrey and Apperson, Chas and McLaughlin, John and Kirsch, Philipp},
  year = {In Preparation},
  journal = {Journal of Medical Entomology},
  keywords = {cfes2015,journal},
  annotation = {in preparation}
}

@misc{moore_change_nodate,
  title = {Change {{Analysis}} of {{Guam Forest Inventory Data}}},
  author = {Moore, Aubrey},
  annotation = {in preparation}
}

@misc{moore_coconut_nodate-1,
  title = {Coconut {{Rhinoceros Beetle Invasion History}}},
  author = {Moore, Aubrey},
  year = {IN PREPARATION},
  annotation = {in preparation}
}

@article{moore_first_nodate-1,
  title = {First Record of the Coconut Termite, {{{\emph{Neotermes}}}}{\emph{ Rainbowi}} ({{Isoptera}}: {{Kalotermes}}) from {{Micronesia}}},
  author = {Moore, Aubrey and Su, N-Y and Sigrah, Leonard},
  year = {In Preparation},
  keywords = {cfes2015,journal,McIntire-Stennis final report 2019},
  annotation = {in preparation}
}

@misc{moore_mariana_2013,
  title = {The {{Mariana Eight Spot Butterfly}}, {{Hypolimnas}} Octocula Marianensis},
  author = {Moore, Aubrey},
  annotation = {in preparation},
  file = {/home/aubrey/Zotero/storage/U5RRKXW2/review.pdf}
}

@article{moore_three_nodate-1,
  title = {Three New Island Records for Bark Beetles ({{Curculionidae}}: {{Scolitinae}}) on {{Guam}} from a Single Coffee Berry Borer Trap},
  author = {Moore, Aubrey},
  year = {In Preparation},
  keywords = {cfes2015,journal,McIntire-Stennis final report 2019},
  annotation = {in preparation}
}


