@misc{moore_inat_from_2020-06-26_to_2023-06-26,
	title = {Observations posted on iNaturalist by Aubrey Moore between June 26 2022 and June 26 2023},
	author = {Aubrey Moore},
	url = {https://www.inaturalist.org/observations?d1=2022-06-26&d2=2023-06-26&place_id=any&user_id=aubreymoore&verifiable=any},
	date = {2023}
}

@misc{GISC2023,
	author = {Moore, Aubrey},
	title = {Report for the Guam Invasive Species Council Meeting, Adelup, Guam},
	date = {2023-05-24},
	url = {https://github.com/aubreymoore/GISC2023/raw/main/gisc2023.pdf}
}

