
@misc{grasela_technical_2020,
  title = {Technical {{Report}}: {{Polymerase Chain Reaction}} ({{PCR}}) {{Analysis}} of the {{Coconut Rhinoceros Beetle}} ({{CRB}}), {{Oryctes}} Rhinoceros. {{Part}} 1.},
  author = {Grasela, James J. and Moore, Aubrey},
  date = {2020},
  url = {https://github.com/aubreymoore/FY19-PPA-Report-1/blob/master/pcrdata/PCR-Summary-Part-1.pdf},
  keywords = {addendum,rlg}
}

@misc{grasela_technical_2020-1,
  title = {Technical {{Report}}: {{Polymerase Chain Reaction}} ({{PCR}}) {{Analysis}} of the {{Coconut Rhinoceros Beetle}} ({{CRB}}), {{Oryctes}} Rhinoceros. {{Part}} 2.},
  author = {Grasela, James J. and Moore, Aubrey},
  date = {2020},
  url = {https://github.com/aubreymoore/FY19-PPA-Report-1/blob/master/pcrdata/PCR-Summary-Part-2.pdf},
  keywords = {addendum,rlg}
}

@misc{grasela_technical_2020-2,
  title = {Technical {{Report}}: {{Polymerase Chain Reaction}} ({{PCR}}) {{Analysis}} of the {{Coconut Rhinoceros Beetle}} ({{CRB}}), {{Oryctes}} Rhinoceros. {{Part}} 3.},
  author = {Grasela, James J. and Moore, Aubrey},
  date = {2020},
  url = {https://github.com/aubreymoore/FY19-PPA-Report-1/blob/master/pcrdata/PCR-Summary-Part-3.pdf},
  keywords = {addendum,rlg}
}

@online{moore_aubrey_2020,
  title = {Aubrey {{Moore}}'s {{iNaturalist Observations Entered After}} 2018-06-15},
  author = {Moore, Aubrey},
  date = {2020-01-21},
  url = {https://www.inaturalist.org/observations?d1=2018-06-15&place_id=any&subview=grid&user_id=aubreymoore&verifiable=any},
  keywords = {rlg}
}

@unpublished{moore_biological_2020,
  title = {Biological Invasion of Forests on {{Guam}} and Other Islands in {{Micronesia}}},
  author = {Moore, Aubrey},
  date = {2020-02-11},
  url = {https://aubreymoore.github.io/bioinvasion-of-guam-forests-2020/BioInvasionOfGuamForests2020.html},
  eventtitle = {Forestry {{Workshop}} on {{Invasive Insects}}},
  venue = {{University of Guam, Mangilao, Guam}},
  keywords = {Moore-presentations-after-2017,rlg}
}

@online{moore_crbdist_nodate,
  title = {Crbdist: {{Visualizing}} Invasion History of the Coconut Rhinoceros Beetle},
  author = {Moore, Aubrey},
  date = {2020},
  url = {https://github.com/aubreymoore/crbdist},
  urldate = {2017-07-24},
  abstract = {Contribute to crbdist development by creating an account on GitHub.},
  organization = {{GitHub}},
  file = {/home/aubrey/Zotero/storage/PME2W7CF/crbdist.html}
}

@misc{moore_fitting_2020,
  title = {Fitting {{Curves}} to {{COVID-19 Data}} from {{Guam}} and {{Hawaii}}},
  author = {Moore, Aubrey},
  date = {2020-04-01},
  publisher = {{Medium}},
  url = {https://medium.com/@aubreymoore2013/fitting-curves-to-covid-19-data-from-guam-and-hawaii-4c6c116645c4},
  urldate = {2020-05-07},
  abstract = {I am an entomologist working on invasive species arriving on the tropical island of Guam, a territory of the United States. I use simpleâ€¦},
  langid = {english},
  keywords = {addendum,rlg},
  file = {/home/aubrey/Zotero/storage/CHK7NEP2/fitting-curves-to-covid-19-data-from-guam-and-hawaii-4c6c116645c4.html}
}

@misc{moore_github_2020,
  title = {{{GitHub Repository}}: {{Guam Corona Virus Data}}},
  author = {Moore, Aubrey},
  date = {2020-04-03},
  url = {https://github.com/aubreymoore/Guam-Corona-Virus-Data},
  keywords = {rlg}
}

@misc{moore_grant_2020,
  title = {Grant {{Proposal}}: {{Improving Coconut Rhinoceros Beetle Breeding Site Detection Using Harmonic Radar}}},
  author = {Moore, Aubrey and Siderhurst, Mattew S.},
  date = {2020-05-07},
  origdate = {2020-03-18T04:41:03Z},
  url = {https://github.com/aubreymoore/Harmonic-Radar/blob/master/USFS-harmonic-radar-proposal.pdf},
  urldate = {2020-05-07},
  keywords = {addendum,rlg}
}

@misc{moore_grant_2020-1,
  title = {Grant {{Proposal}}: {{Establishment}} of {{Self-sustaining Biological Control}} of {{Coconut Rhinoceros Beetle Biotype G}}},
  author = {Moore, Aubrey},
  date = {2020-05-05},
  url = {https://github.com/aubreymoore/2020-FS-CRB-biocontrol-project/blob/master/proposal.pdf},
  keywords = {addendum,rlg}
}

@report{moore_guam_2020,
  title = {Guam Forest Biodiversity Inventory Progress Report ({{GUA0930}})},
  author = {Moore, Aubrey},
  date = {2020-01-01},
  keywords = {rlg},
  file = {/home/aubrey/Zotero/storage/HSKVLZNI/guam-forest-biodiversity-inventory-progress-report-dec-2019.pdf}
}

@online{moore_identification_2020,
  title = {Identification of a {{Couple}} of {{Insect Images}} from {{Palau}}},
  author = {Moore, Aubrey},
  date = {2020-01-12},
  url = {https://www.inaturalist.org/journal/aubreymoore/30037-identification-of-a-couple-of-insect-images-from-palau},
  organization = {{iNaturalist Journal}},
  keywords = {rlg}
}

@article{moore_new_2020,
  title = {New {{Larval Host Record}}: {{Traminda}} Aventiaria ({{Lepidoptera}}: {{Geometridae}}) {{Feeds}} on the {{Critically Endangered Tree}}, {{Serianthes}} Nelsonii ({{Leguminosae}}), on {{Guam}}},
  author = {Moore, Aubrey},
  date = {2020},
  url = {https://github.com/aubreymoore/Traminda-aventiaria},
  keywords = {rlg}
}

@unpublished{moore_predicting_2020,
  title = {Predicting Invasive Species Arrivals on {{Guam}}},
  author = {Moore, Aubrey},
  date = {2020-02-11},
  url = {https://aubreymoore.github.io/guam-ias-bolo},
  eventtitle = {Forestry {{Workshop}} on {{Invasive Insects}}},
  venue = {{University of Guam, Mangilao, Guam}},
  keywords = {Moore-presentations-after-2017,rlg}
}

@misc{moore_serdp_2020,
  title = {{{SERDP FY21 Preproposal}}: {{Biological Control}} of {{Coconut Rhinoceros Beetle}} in the {{American Pacific}}},
  author = {Moore, Aubrey},
  date = {2020-01-01},
  url = {https://github.com/aubreymoore/answers-to-pitch-questions/blob/master/SERDP_Proposal/preproposal.pdf},
  keywords = {rlg}
}

@misc{moore_serdp_2020-1,
  title = {{{SERDP Grant Proposal}}: {{Biological Control}} of {{Coconut Rhinoceros Beetle}} in the {{American Pacific}}},
  author = {Moore, Aubrey and Pallipparambil, Godshen R. and Pulifiaco, Kenneth},
  date = {2020-03-06},
  url = {https://github.com/aubreymoore/answers-to-pitch-questions/blob/master/SERDP-Full-Proposal/SERDP-submitted.pdf},
  keywords = {addendum,rlg}
}

@misc{mooreaubreyEmailExchangeMoore2022,
  title = {Email Exchange between {{A}}. {{Moore}} and {{G}}. {{Reddy}}: Cycad Scale Parasitoids},
  author = {{Moore, Aubrey}},
  date = {2022-03-13},
  file = {/home/aubrey/Zotero/storage/JAWIYU9I/Moore, Aubrey - 2022 - Email exchange between A. Moore and G. Reddy cyca.pdf}
}

@unpublished{mooreBiologicalInvasionGuam2021,
  title = {Biological {{Invasion}} of {{Guam}}'s {{Forests}}},
  author = {Moore, Aubrey},
  date = {2021-07-30},
  url = {https://aubreymoore.github.io/albi345-slides/SWCD-2021-07-30/},
  eventtitle = {Guam {{Soil}} and {{Water Conservation Districts}} 2021 {{Educator}}'s {{Symposium}}: {{Healthy Forests}}, {{Healthy Communities}}},
  venue = {{Guam}}
}

@unpublished{mooreHowBadGuam2021,
  title = {How {{Bad}} Is {{Guam}}'s {{Invasive Species Problem}}?: {{A Global Perspective}}},
  author = {Moore, Aubrey},
  date = {2021},
  url = {https://aubreymoore.github.io/top-10-most-costly-ias-mtcc/},
  eventtitle = {Marianas {{Terrestrial Conservation Conference}}},
  venue = {{Guam}}
}

@online{mooreKuamNewsArticle2021,
  title = {Kuam {{News Article}} by {{Peter Santos}} Based on {{TV Interview}}: {{UOG}} Entomologists Say Invasive Species Are a Step Ahead of Us},
  author = {Moore, Aubrey},
  date = {2021-04-12},
  url = {https://www.kuam.com/story/43644063/uog-entomologists-say-invasive-species-are-a-step-ahead-of-us},
  urldate = {2021-04-16},
  abstract = {Invasive species continue to overrun the island. According to UOG entomologist Dr. Aubrey Moore, invasive species such as the infamous rhino beetle have destroyed about 20\% of our coconut trees. The p},
  langid = {english},
  keywords = {rlg},
  file = {/home/aubrey/Zotero/storage/RPV8EE6Q/uog-entomologists-say-invasive-species-are-a-step-ahead-of-us.html}
}


